<record><leader>00000cas a2200000 a 4500</leader><controlfield tag="001">12377865</controlfield><controlfield tag="008">850813d19051911ksuwr ne      0    0eng d</controlfield><datafield ind1=" " ind2=" " tag="010"><subfield code="a">sn 85029487 </subfield></datafield><datafield ind1=" " ind2=" " tag="040"><subfield code="a">KSH</subfield><subfield code="b">eng</subfield><subfield code="c">KSH</subfield><subfield code="d">NPT</subfield><subfield code="d">OCL</subfield><subfield code="d">OCLCQ</subfield></datafield><datafield ind1=" " ind2=" " tag="042"><subfield code="a">msc</subfield></datafield><datafield ind1="0" ind2="4" tag="245"><subfield code="a">The Logan republican and the Prairie View news.</subfield></datafield><datafield ind1="3" ind2="0" tag="246"><subfield code="a">Prairie View news</subfield></datafield><datafield ind1="3" ind2="0" tag="246"><subfield code="a">Logan daily republican</subfield></datafield><datafield ind1=" " ind2=" " tag="260"><subfield code="a">Logan, Kan. :</subfield><subfield code="b">Calvin D. Walker,</subfield><subfield code="c">1905-1911.</subfield></datafield><datafield ind1=" " ind2=" " tag="300"><subfield code="a">5 v. :</subfield><subfield code="b">ill. ;</subfield><subfield code="c">54 cm.</subfield></datafield><datafield ind1=" " ind2=" " tag="310"><subfield code="a">Weekly</subfield></datafield><datafield ind1="0" ind2=" " tag="362"><subfield code="a">Vol. 1, no. 1 (Apr. 6, 1905)-v. 1, no. 8 (May 25, 1905) ; v. 1, no. 9 (June 1, 1905)-v. 5, no. 48 (Jan. 26, 1911) = old v. 19, no. 52-v. 25, no. 28.</subfield></datafield><datafield ind1=" " ind2=" " tag="500"><subfield code="a">Published daily during the Logan jubilee as: Logan daily republican, &lt;Aug. 23-25, 1905&gt;.</subfield></datafield><datafield ind1=" " ind2=" " tag="500"><subfield code="a">Motto: "All things come to him who hustles while he waits."</subfield></datafield><datafield ind1=" " ind2=" " tag="525"><subfield code="a">Includes supplements.</subfield></datafield><datafield ind1=" " ind2=" " tag="752"><subfield code="a">United States</subfield><subfield code="b">Kansas</subfield><subfield code="c">Phillips</subfield><subfield code="d">Logan.</subfield></datafield><datafield ind1="0" ind2="4" tag="780"><subfield code="t">Logan republican (Logan, Kan. : 1886)</subfield><subfield code="w">(DLC)sn 85029497</subfield></datafield><datafield ind1="0" ind2="4" tag="780"><subfield code="t">Prairie View news</subfield><subfield code="w">(DLC)sn 85029505</subfield></datafield><datafield ind1="0" ind2="0" tag="785"><subfield code="t">Logan republican (Logan, Kan. : 1911)</subfield><subfield code="w">(DLC)sn 85029688</subfield></datafield></record>